@book{box2015time,
  title={Time series analysis: forecasting and control},
  author={Box, George EP and Jenkins, Gwilym M and Reinsel, Gregory C and Ljung, Greta M},
  year={2015},
  publisher={John Wiley \& Sons}
}

@book{breiman2017classification,
  title={Classification and regression trees},
  author={Breiman, Leo},
  year={2017},
  publisher={Routledge}
}

@inproceedings{chen2016xgboost,
  title={Xgboost: A scalable tree boosting system},
  author={Chen, Tianqi and Guestrin, Carlos},
  booktitle={Proceedings of the 22nd acm sigkdd international conference on knowledge discovery and data mining},
  pages={785--794},
  year={2016}
}

@article{tealab2018time,
  title={Time series forecasting using artificial neural networks methodologies: A systematic review},
  author={Tealab, Ahmed},
  journal={Future Computing and Informatics Journal},
  volume={3},
  number={2},
  pages={334--340},
  year={2018},
  publisher={Elsevier},
  doi="10.1016/j.fcij.2018.10.003"
}

@article{hochreiter1997long,
  title={Long short-term memory},
  author={Hochreiter, Sepp and Schmidhuber, J{\"u}rgen},
  journal={Neural computation},
  volume={9},
  number={8},
  pages={1735--1780},
  year={1997},
  publisher={MIT press},
  doi="10.1162/neco.1997.9.8.1735"
}

@article{cho2014learning,
  title={Learning phrase representations using RNN encoder-decoder for statistical machine translation},
  author={Cho, Kyunghyun and Van Merri{\"e}nboer, Bart and Gulcehre, Caglar and Bahdanau, Dzmitry and Bougares, Fethi and Schwenk, Holger and Bengio, Yoshua},
  journal={arXiv preprint arXiv:1406.1078},
  year={2014}
}

@article{zgurovsky2018structural,
  title={STRUCTURAL-PARAMETRIC SYNTHESIS OF THE FEEDFORWARD NEURAL NETWORKS WITH SIGMOID PIECEWISE-TYPE NEURONS.},
  author={Zgurovsky, MZ and Chumachenko, OI and Gorbatiuk, VS},
  journal={Electronics \& Control Systems},
  volume={4},
  number={58},
  year={2018},
  doi="10.18372/1990-5548.58.13508"
}

@article{fawzy2022comparative,
  title={A Comparative Simulation Study of ARIMA and Computational Intelligent Techniques for Forecasting Time Series Data},
  author={Fawzy, Haitham and Rady, EL Houssainy A and Fattah, Amal Mohamed Abdel},
  journal={Journal of Statistics Applications \& Probability Letters},
  volume={11},
  number={1},
  pages={1--7},
  year={2022},
  doi="10.18576/jsapl/090101"
}

@article{ngo2022developing,
  title={Developing a hybrid time-series artificial intelligence model to forecast energy use in buildings},
  author={Ngo, Ngoc-Tri and Pham, Anh-Duc and Truong, Thi Thu Ha and Truong, Ngoc-Son and Huynh, Nhat-To},
  journal={Scientific Reports},
  volume={12},
  number={1},
  pages={15775},
  year={2022},
  publisher={Nature Publishing Group UK London},
  doi="10.1038/s41598-022-19935-6"
}

@article{fister2013comprehensive,
  title={A comprehensive review of firefly algorithms},
  author={Fister, Iztok and Fister Jr, Iztok and Yang, Xin-She and Brest, Janez},
  journal={Swarm and evolutionary computation},
  volume={13},
  pages={34--46},
  year={2013},
  publisher={Elsevier},
  doi="10.1016/j.swevo.2013.06.001"
}

@article{awad2015support,
  title={Support vector regression},
  author={Awad, Mariette and Khanna, Rahul and Awad, Mariette and Khanna, Rahul},
  journal={Efficient learning machines: Theories, concepts, and applications for engineers and system designers},
  pages={67--80},
  year={2015},
  publisher={Springer},
  doi="10.1007/978-1-4302-5990-9_4"
}

@incollection{zaychenko2023investigation,
  title={Investigation of Artificial Intelligence Methods in the Short-Term and Middle-Term Forecasting in Financial Sphere},
  author={Zaychenko, Yuriy and Zaichenko, Helen and Kuzmenko, Oleksii},
  booktitle={System Analysis and Artificial Intelligence},
  pages={307--322},
  year={2023},
  publisher={Springer},
  doi="10.1007/978-3-031-37450-0_18"
}

@article{ivakhnenko1995review,
  title={The review of problems solvable by algorithms of the group method of data handling (GMDH)},
  author={Ivakhnenko, AG and Ivakhnenko, GA},
  journal={Pattern recognition and image analysis c/c of raspoznavaniye obrazov i analiz izobrazhenii},
  volume={5},
  pages={527--535},
  year={1995},
  publisher={NAUKA/INTERPERIODICA PUBLISHING}
}

@inproceedings{haoyietal-informer-2021,
  author    = {Haoyi Zhou and
               Shanghang Zhang and
               Jieqi Peng and
               Shuai Zhang and
               Jianxin Li and
               Hui Xiong and
               Wancai Zhang},
  title     = {Informer: Beyond Efficient Transformer for Long Sequence Time-Series Forecasting},
  booktitle = {The Thirty-Fifth {AAAI} Conference on Artificial Intelligence, {AAAI} 2021, Virtual Conference},
  volume    = {35},
  number    = {12},
  pages     = {11106--11115},
  publisher = {{AAAI} Press},
  year      = {2021},
}

@article{sineglazov2018forecasting,
  title={Forecasting aircraft miles flown time series using a deep learning-based hybrid approach},
  author={Sineglazov, Victor and Chumachenko, Olena and Gorbatiuk, Vladyslav},
  journal={Aviation},
  volume={22},
  number={1},
  pages={6--12},
  year={2018}
}

@article{amasyali2018review,
  title={A review of data-driven building energy consumption prediction studies},
  author={Amasyali, Kadir and El-Gohary, Nora M},
  journal={Renewable and Sustainable Energy Reviews},
  volume={81},
  pages={1192--1205},
  year={2018},
  publisher={Elsevier}
}

@article{kaushik2020ai,
  title={AI in healthcare: time-series forecasting using statistical, neural, and ensemble architectures},
  author={Kaushik, Shruti and Choudhury, Abhinav and Sheron, Pankaj Kumar and Dasgupta, Nataraj and Natarajan, Sayee and Pickett, Larry A and Dutt, Varun},
  journal={Frontiers in big data},
  volume={3},
  pages={4},
  year={2020},
  publisher={Frontiers Media SA}
}

@article{faisal2022neural,
  title={Neural networks based multivariate time series forecasting of solar radiation using meteorological data of different cities of Bangladesh},
  author={Faisal, ANM Fahim and Rahman, Afikur and Habib, Mohammad Tanvir Mahmud and Siddique, Abdul Hasib and Hasan, Mehedi and Khan, Mohammad Monirujjaman},
  journal={Results in Engineering},
  volume={13},
  pages={100365},
  year={2022},
  publisher={Elsevier}
}

@inproceedings{ghassemi2015multivariate,
  title={A multivariate timeseries modeling approach to severity of illness assessment and forecasting in ICU with sparse, heterogeneous clinical data},
  author={Ghassemi, Marzyeh and Pimentel, Marco and Naumann, Tristan and Brennan, Thomas and Clifton, David and Szolovits, Peter and Feng, Mengling},
  booktitle={Proceedings of the AAAI conference on artificial intelligence},
  volume={29},
  number={1},
  year={2015}
}

@article{hewamalage2021recurrent,
  title={Recurrent neural networks for time series forecasting: Current status and future directions},
  author={Hewamalage, Hansika and Bergmeir, Christoph and Bandara, Kasun},
  journal={International Journal of Forecasting},
  volume={37},
  number={1},
  pages={388--427},
  year={2021},
  publisher={Elsevier}
}

@article{bib1,
  author		= "Campbell, S. L. and Gear, C. W.",
  title			= "The index of general nonlinear {D}{A}{E}{S}",
  journal		= "Numer. {M}ath.",
  volume		= "72",
  number		= "2",
  pages			= "173--196",
  year			= "1995"
}

%% Journal article with DOI
@article{bib2,
  author		= "Slifka, M. K. and Whitton, J. L.",
  title			= "Clinical implications of dysregulated cytokine production",
  journal		= "J. {M}ol. {M}ed.",
  volume		= "78",
  pages			= "74--80",
  year			= "2000",
  doi			= "10.1007/s001090000086"
}

%% Journal article
@article{bib3,
  author		= "Hamburger, C.",
  title			= "Quasimonotonicity, regularity and duality for nonlinear systems of 
					partial differential equations",
  journal		= "Ann. Mat. Pura. Appl.",
  volume		= "169",
  number		= "2",
  pages			= "321--354",
  year			= "1995"
}

%% book, authored
@book{bib4,
  author		= "Geddes, K. O. and Czapor, S. R. and Labahn, G.",
  title			= "Algorithms for {C}omputer {A}lgebra",
  address		= "Boston",
  publisher		= "Kluwer",
  year			= "1992"
}

%% Item 8. Book, chapter
@incollection{bib5,
  author		= "Broy, M.",
  title			= "Software engineering---from auxiliary to key technologies",
  editor		= "Broy, M. and Denert, E.",
  booktitle		= "Software Pioneers",
  pages			= "10--13",
  address		= "New {Y}ork",
  publisher		= "Springer",
  year			= "1992"
}

%% Book, edited
@book{bib6,
  editor		= "Seymour, R. S.",
  title			= "Conductive {P}olymers",
  address		= "New {Y}ork",
  publisher		= "Plenum",
  year			= "1981"
}

%% Chapter in a book in a series with volume titles
@inproceedings{bib7,
  author		= "Smith, S. E.",
  title			= "Neuromuscular blocking drugs in man",
  editor		= "Zaimis, E.",
  volume		= "42",
  booktitle		= "Neuromuscular junction. {H}andbook of experimental pharmacology",
  pages			= "593--660",
  address		= "Heidelberg",
  publisher		= "Springer",
  year			= "1976"
}

%% Paper presented at a conference
@misc{bib8,
  author		= "Chung, S. T. and Morris, R. L.",
  title			= "Isolation and characterization of plasmid deoxyribonucleic acid from 
					Streptomyces fradiae",
  year			= "1978",
  note			= "Paper presented at the 3rd international symposium on the genetics 
					of industrial microorganisms, University of {W}isconsin, {M}adison, 
					4--9 June 1978"
}

%% Data citation example
@misc{bib9,
  author		= "Hao, Z. and AghaKouchak, A. and Nakhjiri, N. and Farahmand, A.",
  title			= "Global integrated drought monitoring and prediction system (GIDMaPS) data sets", 
  year			= "2014",
  note			= "figshare \url{https://doi.org/10.6084/m9.figshare.853801}"
}

%% Preprint citation example
@misc{bib10, 
  author		= "Babichev, S. A. and Ries, J. and Lvovsky, A. I.",
  title			= "Quantum scissors: teleportation of single-mode optical states by means 
					of a nonlocal single photon", 
  year			= "2002",
  note			= "Preprint at \url{https://arxiv.org/abs/quant-ph/0208066v1}"
}

@article{bib11,
  author		= "Beneke, M. and Buchalla, G. and Dunietz, I.",
  title			= "Mixing induced {CP} asymmetries in inclusive {B} decays",
  journal		= "Phys. {L}ett.",
  volume		= "B393",
  year			= "1997",
  pages			= "132-142",
  archivePrefix		= "arXiv",
  eprint		= "0707.3168",
  primaryClass		= "gr-gc"
}

@softmisc{bib12,
  author		= "Stahl, B.",
  title			= "deep{SIP}: deep learning of {S}upernova {I}a {P}arameters",
  version		= "0.42",
  keywords		= "Software",
  howpublished		= "Astrophysics {S}ource {C}ode {L}ibrary",
  year			= "2020",
  month			= "Jun",
  eid			= "ascl:2006.023",
  pages			= "ascl:2006.023",
  archivePrefix		= "ascl",
  eprint		= "2006.023",
  adsurl		= "{https://ui.adsabs.harvard.edu/abs/2020ascl.soft06023S}",
  adsnote		= "Provided by the SAO/NASA Astrophysics Data System"
}

@article{bib13,
  author = "Abbott, T. M. C. and others",
  collaboration = "DES",
  title = "{Dark Energy Survey Year 1 Results: Constraints on Extended Cosmological Models from Galaxy Clustering and Weak Lensing}",
  eprint = "1810.02499",
  archivePrefix = "arXiv",
  primaryClass = "astro-ph.CO",
  reportNumber = "FERMILAB-PUB-18-507-PPD",
  doi = "10.1103/PhysRevD.99.123505",
  journal = "Phys. Rev. D",
  volume = "99",
  number = "12",
  pages = "123505",
  year = "2019"
}

%%============================================================================%%
%% while using chicago reference style, both abbreviated and expanded form of %%
%% author name format is acceptable. Refer below example for expanded form    %%
%%============================================================================%%

%%  author		= "{Cameron, Deborah}", - single author
%%  author		= "{Saito, Yukio} and {Hyuga, Hiroyuki}", - double author 

%%======================================%%
%% Example for author names with suffix %%
%%======================================%%

%%  author		= "{Price, R. A. Jr} and {Curry, N. {III}} and McCann, K. E. and 
%%					Fielding, J. L. and {Abercrombie, E. Jr}",
