@book{box2015time,
  title={Time series analysis: forecasting and control},
  author={Box, George EP and Jenkins, Gwilym M and Reinsel, Gregory C and Ljung, Greta M},
  year={2015},
  publisher={John Wiley \& Sons}
}

@book{breiman2017classification,
  title={Classification and regression trees},
  author={Breiman, Leo},
  year={2017},
  publisher={Routledge}
}

@inproceedings{chen2016xgboost,
  title={Xgboost: A scalable tree boosting system},
  author={Chen, Tianqi and Guestrin, Carlos},
  booktitle={Proceedings of the 22nd acm sigkdd international conference on knowledge discovery and data mining},
  pages={785--794},
  year={2016}
}

@article{tealab2018time,
  title={Time series forecasting using artificial neural networks methodologies: A systematic review},
  author={Tealab, Ahmed},
  journal={Future Computing and Informatics Journal},
  volume={3},
  number={2},
  pages={334--340},
  year={2018},
  publisher={Elsevier},
  doi="10.1016/j.fcij.2018.10.003"
}

@article{hochreiter1997long,
  title={Long short-term memory},
  author={Hochreiter, Sepp and Schmidhuber, J{\"u}rgen},
  journal={Neural computation},
  volume={9},
  number={8},
  pages={1735--1780},
  year={1997},
  publisher={MIT press},
  doi="10.1162/neco.1997.9.8.1735"
}

@article{cho2014learning,
  title={Learning phrase representations using RNN encoder-decoder for statistical machine translation},
  author={Cho, Kyunghyun and Van Merri{\"e}nboer, Bart and Gulcehre, Caglar and Bahdanau, Dzmitry and Bougares, Fethi and Schwenk, Holger and Bengio, Yoshua},
  journal={arXiv preprint arXiv:1406.1078},
  year={2014}
}

@article{zgurovsky2018structural,
  title={STRUCTURAL-PARAMETRIC SYNTHESIS OF THE FEEDFORWARD NEURAL NETWORKS WITH SIGMOID PIECEWISE-TYPE NEURONS.},
  author={Zgurovsky, MZ and Chumachenko, OI and Gorbatiuk, VS},
  journal={Electronics \& Control Systems},
  volume={4},
  number={58},
  year={2018},
  doi="10.18372/1990-5548.58.13508"
}

@article{fawzy2022comparative,
  title={A Comparative Simulation Study of ARIMA and Computational Intelligent Techniques for Forecasting Time Series Data},
  author={Fawzy, Haitham and Rady, EL Houssainy A and Fattah, Amal Mohamed Abdel},
  journal={Journal of Statistics Applications \& Probability Letters},
  volume={11},
  number={1},
  pages={1--7},
  year={2022},
  doi="10.18576/jsapl/090101"
}

@article{ngo2022developing,
  title={Developing a hybrid time-series artificial intelligence model to forecast energy use in buildings},
  author={Ngo, Ngoc-Tri and Pham, Anh-Duc and Truong, Thi Thu Ha and Truong, Ngoc-Son and Huynh, Nhat-To},
  journal={Scientific Reports},
  volume={12},
  number={1},
  pages={15775},
  year={2022},
  publisher={Nature Publishing Group UK London},
  doi="10.1038/s41598-022-19935-6"
}

@article{fister2013comprehensive,
  title={A comprehensive review of firefly algorithms},
  author={Fister, Iztok and Fister Jr, Iztok and Yang, Xin-She and Brest, Janez},
  journal={Swarm and evolutionary computation},
  volume={13},
  pages={34--46},
  year={2013},
  publisher={Elsevier},
  doi="10.1016/j.swevo.2013.06.001"
}

@article{awad2015support,
  title={Support vector regression},
  author={Awad, Mariette and Khanna, Rahul and Awad, Mariette and Khanna, Rahul},
  journal={Efficient learning machines: Theories, concepts, and applications for engineers and system designers},
  pages={67--80},
  year={2015},
  publisher={Springer},
  doi="10.1007/978-1-4302-5990-9_4"
}

@incollection{zaychenko2023investigation,
  title={Investigation of Artificial Intelligence Methods in the Short-Term and Middle-Term Forecasting in Financial Sphere},
  author={Zaychenko, Yuriy and Zaichenko, Helen and Kuzmenko, Oleksii},
  booktitle={System Analysis and Artificial Intelligence},
  pages={307--322},
  year={2023},
  publisher={Springer},
  doi="10.1007/978-3-031-37450-0_18"
}

@article{ivakhnenko1995review,
  title={The review of problems solvable by algorithms of the group method of data handling (GMDH)},
  author={Ivakhnenko, AG and Ivakhnenko, GA},
  journal={Pattern recognition and image analysis c/c of raspoznavaniye obrazov i analiz izobrazhenii},
  volume={5},
  pages={527--535},
  year={1995},
  publisher={NAUKA/INTERPERIODICA PUBLISHING}
}

@inproceedings{haoyietal-informer-2021,
  author    = {Haoyi Zhou and
               Shanghang Zhang and
               Jieqi Peng and
               Shuai Zhang and
               Jianxin Li and
               Hui Xiong and
               Wancai Zhang},
  title     = {Informer: Beyond Efficient Transformer for Long Sequence Time-Series Forecasting},
  booktitle = {The Thirty-Fifth {AAAI} Conference on Artificial Intelligence, {AAAI} 2021, Virtual Conference},
  volume    = {35},
  number    = {12},
  pages     = {11106--11115},
  publisher = {{AAAI} Press},
  year      = {2021},
}

@article{sineglazov2018forecasting,
  title={Forecasting aircraft miles flown time series using a deep learning-based hybrid approach},
  author={Sineglazov, Victor and Chumachenko, Olena and Gorbatiuk, Vladyslav},
  journal={Aviation},
  volume={22},
  number={1},
  pages={6--12},
  year={2018}
}

@article{amasyali2018review,
  title={A review of data-driven building energy consumption prediction studies},
  author={Amasyali, Kadir and El-Gohary, Nora M},
  journal={Renewable and Sustainable Energy Reviews},
  volume={81},
  pages={1192--1205},
  year={2018},
  publisher={Elsevier}
}

@article{kaushik2020ai,
  title={AI in healthcare: time-series forecasting using statistical, neural, and ensemble architectures},
  author={Kaushik, Shruti and Choudhury, Abhinav and Sheron, Pankaj Kumar and Dasgupta, Nataraj and Natarajan, Sayee and Pickett, Larry A and Dutt, Varun},
  journal={Frontiers in big data},
  volume={3},
  pages={4},
  year={2020},
  publisher={Frontiers Media SA}
}

@article{faisal2022neural,
  title={Neural networks based multivariate time series forecasting of solar radiation using meteorological data of different cities of Bangladesh},
  author={Faisal, ANM Fahim and Rahman, Afikur and Habib, Mohammad Tanvir Mahmud and Siddique, Abdul Hasib and Hasan, Mehedi and Khan, Mohammad Monirujjaman},
  journal={Results in Engineering},
  volume={13},
  pages={100365},
  year={2022},
  publisher={Elsevier}
}

@inproceedings{ghassemi2015multivariate,
  title={A multivariate timeseries modeling approach to severity of illness assessment and forecasting in ICU with sparse, heterogeneous clinical data},
  author={Ghassemi, Marzyeh and Pimentel, Marco and Naumann, Tristan and Brennan, Thomas and Clifton, David and Szolovits, Peter and Feng, Mengling},
  booktitle={Proceedings of the AAAI conference on artificial intelligence},
  volume={29},
  number={1},
  year={2015}
}

@article{hewamalage2021recurrent,
  title={Recurrent neural networks for time series forecasting: Current status and future directions},
  author={Hewamalage, Hansika and Bergmeir, Christoph and Bandara, Kasun},
  journal={International Journal of Forecasting},
  volume={37},
  number={1},
  pages={388--427},
  year={2021},
  publisher={Elsevier}
}

@article{shcherbakov2013survey,
  title={A survey of forecast error measures},
  author={Shcherbakov, Maxim Vladimirovich and Brebels, Adriaan and Shcherbakova, Nataliya Lvovna and Tyukov, Anton Pavlovich and Janovsky, Timur Alexandrovich and Kamaev, Valeriy Anatol’evich and others},
  journal={World applied sciences journal},
  volume={24},
  number={24},
  pages={171--176},
  year={2013},
  doi="10.5829/idosi.wasj.2013.24.itmies.80032"
}

@article{hyndman2006another,
  title={Another look at measures of forecast accuracy},
  author={Hyndman, Rob J and Koehler, Anne B},
  journal={International journal of forecasting},
  volume={22},
  number={4},
  pages={679--688},
  year={2006},
  publisher={Elsevier},
  doi="10.1016/j.ijforecast.2006.03.001"
}

@article{sineglazov2014using,
  title={Using a mixture of experts’ approach to solve the forecasting task},
  author={Sineglazov, Victor and Chumachenko, Elena and Gorbatyuk, Vladyslav},
  journal={Aviation},
  volume={18},
  number={3},
  pages={129--133},
  year={2014},
  publisher={Taylor \& Francis},
  doi="10.3846/16487788.2014.969883"
}

@article{sineglazov2013algorithm,
  title={An algorithm for solving the problem of forecasting},
  author={Sineglazov, Victor and Chumachenko, Elena and Gorbatyuk, Vladyslav},
  journal={Aviation},
  volume={17},
  number={1},
  pages={9--13},
  year={2013},
  publisher={Taylor \& Francis},
  doi="10.3846/16487788.2013.777219"
}
